<record><leader>00000cas a2200000 a 4500</leader><controlfield tag="001">48658028</controlfield><controlfield tag="008">011221d19591970cauwr ne      0    0eng c</controlfield><datafield ind1=" " ind2=" " tag="010"><subfield code="a">sn2001060575</subfield></datafield><datafield ind1=" " ind2=" " tag="040"><subfield code="a">CNK</subfield><subfield code="b">eng</subfield><subfield code="c">CNK</subfield><subfield code="d">CNK</subfield><subfield code="d">OCLCQ</subfield><subfield code="d">OCLCF</subfield><subfield code="d">OCLCO</subfield></datafield><datafield ind1="1" ind2=" " tag="029"><subfield code="a">AU@</subfield><subfield code="b">000023276730</subfield></datafield><datafield ind1=" " ind2=" " tag="042"><subfield code="a">pcc</subfield></datafield><datafield ind1=" " ind2=" " tag="043"><subfield code="a">n-us-ca</subfield></datafield><datafield ind1="0" ind2=" " tag="130"><subfield code="a">Newporter (Newport Beach, Calif.)</subfield></datafield><datafield ind1="1" ind2="4" tag="245"><subfield code="a">The newporter.</subfield></datafield><datafield ind1=" " ind2=" " tag="260"><subfield code="a">Newport Beach [Calif.] :</subfield><subfield code="b">Newporter Pub. Co.</subfield></datafield><datafield ind1=" " ind2=" " tag="300"><subfield code="a">v.</subfield></datafield><datafield ind1=" " ind2=" " tag="310"><subfield code="a">Weekly</subfield></datafield><datafield ind1="0" ind2=" " tag="362"><subfield code="a">Vol. 1, no. 1 (June 10, 1959)-11th year, 42 issue (Mar. 26, 1970).</subfield></datafield><datafield ind1=" " ind2=" " tag="500"><subfield code="a">Published as a news magazine, June 10, 1959-&lt;Feb. 11, 1966&gt;</subfield></datafield><datafield ind1=" " ind2=" " tag="530"><subfield code="a">Master negatives are available for duplication from:</subfield><subfield code="b">California Newspaper Microfilm Archive;</subfield><subfield code="c">positive copies may be purchased by the reel; for further information consult the CNMA at:</subfield><subfield code="u">http://cbsr.ucr.edu</subfield></datafield><datafield ind1=" " ind2="0" tag="651"><subfield code="a">Newport Beach (Calif.)</subfield><subfield code="v">Newspapers.</subfield></datafield><datafield ind1=" " ind2="7" tag="655"><subfield code="a">Newspapers.</subfield><subfield code="2">fast</subfield><subfield code="0">(OCoLC)fst01423814</subfield></datafield><datafield ind1=" " ind2="7" tag="651"><subfield code="a">California</subfield><subfield code="z">Newport Beach.</subfield><subfield code="2">fast</subfield><subfield code="0">(OCoLC)fst01216220</subfield></datafield><datafield ind1=" " ind2=" " tag="752"><subfield code="a">United States</subfield><subfield code="b">California</subfield><subfield code="c">Orange</subfield><subfield code="d">Newport Beach.</subfield></datafield><datafield ind1="0" ind2="0" tag="785"><subfield code="t">Newporter news</subfield><subfield code="w">(DLC)sn2001060576</subfield></datafield></record>